% Encoding: UTF-8

@Software{Sommer2021,
  author    = {Sommer, Philipp S.},
  doi       = {10.5281/zenodo.5558305},
  month     = oct,
  note      = {{If you use this software, please cite both the article from preferred-citation and the software itself.}},
  publisher = {Zenodo},
  title     = {psy-view: An ncview-like interface to psyplot},
  url       = {https://doi.org/10.5281/zenodo.5558305},
  version   = {v0.2.0},
  year      = {2021},
}

@Comment{jabref-meta: databaseType:bibtex;}
